

@MISC{ yao-1999,
    author = {Xin Yao},
    title = {Evolving Artificial Neural Networks},
    year = {1999}
}

@article{ stanley-2002,
 author = {Stanley, Kenneth O. and Miikkulainen, Risto},
 title = {Evolving Neural Networks Through Augmenting Topologies},
 journal = {Evol. Comput.},
 issue_date = {Summer 2002},
 volume = {10},
 number = {2},
 month = jun,
 year = {2002},
 issn = {1063-6560},
 pages = {99--127},
 numpages = {29},
 url = {http://dx.doi.org/10.1162/106365602320169811},
 doi = {10.1162/106365602320169811},
 acmid = {638554},
 publisher = {MIT Press},
 address = {Cambridge, MA, USA}
} 

@INPROCEEDINGS{ gudise-2003, 
author={V. G. Gudise and G. K. Venayagamoorthy}, 
booktitle={Swarm Intelligence Symposium, 2003. SIS '03. Proceedings of the 2003 IEEE}, 
title={Comparison of particle swarm optimization and backpropagation as training algorithms for neural networks}, 
year={2003}, 
pages={110-117}, 
doi={10.1109/SIS.2003.1202255}, 
month={April}
}

@inproceedings{ licon-2009,
  added-at = {2010-10-04T00:00:00.000+0200},
  author = {Licon, Beatriz Aurora Garro and Azuela, Juan Humberto Sossa and VÃ¡zquez, Roberto Antonio},
  biburl = {http://www.bibsonomy.org/bibtex/2640adc0d0000c1ffc2814527067a6dfd/dblp},
  booktitle = {IJCNN},
  crossref = {conf/ijcnn/2009},
  ee = {http://dx.doi.org/10.1109/IJCNN.2009.5178918},
  interhash = {4b0dc636cedc8fd72a28a0e34cc4e495},
  intrahash = {640adc0d0000c1ffc2814527067a6dfd},
  pages = {938-945},
  publisher = {IEEE},
  timestamp = {2010-10-05T11:31:49.000+0200},
  title = {Design of artificial neural networks using a modified Particle Swarm Optimization algorithm.},
  url = {http://dblp.uni-trier.de/db/conf/ijcnn/ijcnn2009.html#LiconAV09},
  year = 2009
}

@inproceedings{ garro-2010,
 author = {Garro, Beatriz A. and Sossa, Humberto and V\'{a}zquez, Roberto A.},
 title = {Design of Artificial Neural Networks Using Differential Evolution Algorithm},
 booktitle = {Proceedings of the 17th International Conference on Neural Information Processing: Models and Applications - Volume Part II},
 series = {ICONIP'10},
 year = {2010},
 isbn = {3-642-17533-3, 978-3-642-17533-6},
 location = {Sydney, Australia},
 pages = {201--208},
 numpages = {8},
 url = {http://dl.acm.org/citation.cfm?id=1939751.1939779},
 acmid = {1939779},
 publisher = {Springer-Verlag},
 address = {Berlin, Heidelberg},
} 

@article{ abdElWahed-2010,
title = "Artificial immune system based neural networks for solving multi-objective programming problems ",
journal = "Egyptian Informatics Journal ",
volume = "11",
number = "2",
pages = "59 - 65",
year = "2010",
note = "",
issn = "1110-8665",
doi = "http://dx.doi.org/10.1016/j.eij.2010.10.002",
url = "http://www.sciencedirect.com/science/article/pii/S1110866510000216",
author = "Waiel F. Abd El-Wahed and Elsayed M. Zaki and Adel M. El-Refaey",
}

@Inbook{ si-2012,
author="Si, Tapas
and Hazra, Simanta
and Jana, N. D.",
editor="Satapathy, Suresh Chandra
and Avadhani, P. S.
and Abraham, Ajith",
chapter="Artificial Neural Network Training Using Differential Evolutionary Algorithm for Classification",
title="Proceedings of the International Conference on Information Systems Design and Intelligent Applications 2012 (INDIA 2012) held in Visakhapatnam, India, January 2012",
year="2012",
publisher="Springer Berlin Heidelberg",
address="Berlin, Heidelberg",
pages="769--778",
isbn="978-3-642-27443-5",
doi="10.1007/978-3-642-27443-5_88",
url="http://dx.doi.org/10.1007/978-3-642-27443-5_88"
}

@INPROCEEDINGS{ chen-2006, 
author={L. Chen and D. Alahakoon}, 
booktitle={2006 International Conference on Information and Automation}, 
title={NeuroEvolution of Augmenting Topologies with Learning for Data Classification}, 
year={2006}, 
pages={367-371}, 
doi={10.1109/ICINFA.2006.374100}, 
ISSN={2151-1802}, 
month={Dec}
}