
@misc{ wiki-artificial-neuron,
   author = "Wikibooks",
   title = "Artificial Neural Networks/Print Version --- Wikibooks{,} The Free Textbook Project",
   year = "2013",
   url = "https://en.wikibooks.org/w/index.php?title=Artificial_Neural_Networks/Print_Version&oldid=2501560",
   note = "[Online; accessed 12-April-2016]"
 }

@article{ sibi-2013,
    title = "ANALYSIS OF DIFFERENT ACTIVATION FUNCTIONS USING BACK PROPAGATION NEURAL NETWORKS",
    journal = "Journal of Theoretical and Applied Information Technology",
    year = "2013",
    author = "P SIBI, S ALLWYN JONES and P SIDDARTH"
}

@book{ brooks-1995,
 author = {Brooks,Jr., Frederick P.},
 title = {The Mythical Man-month (Anniversary Ed.)},
 year = {1995},
 isbn = {0-201-83595-9},
 publisher = {Addison-Wesley Longman Publishing Co., Inc.},
 address = {Boston, MA, USA},
}

@article{ Gorunescu-2014,
  title = "Evolutionary strategy to develop learning-based decision systems. Application to breast cancer and liver fibrosis stadialization ",
  journal = "Journal of Biomedical Informatics ",
  volume = "49",
  number = "",
  pages = "112 - 118",
  year = "2014",
  note = "",
  issn = "1532-0464",
  doi = "http://dx.doi.org/10.1016/j.jbi.2014.02.001",
  url = "http://www.sciencedirect.com/science/article/pii/S1532046414000173",
  author = "Florin Gorunescu and Smaranda Belciug"
}


@article{ eberhart-1995,
  added-at = {2013-03-16T22:15:44.000+0100},
  author = {Eberhart, R C and Kennedy, J},
  biburl = {http://www.bibsonomy.org/bibtex/2305ac0e213ffb2393b03337e02bb00fe/lcschoening},
  interhash = {2c8e257c78f901bd5eb94268effa67c8},
  intrahash = {305ac0e213ffb2393b03337e02bb00fe},
  journal = {Proceedings of the Sixth International Symposium on Micro Machine and Human Science},
  pages = {39-43},
  timestamp = {2013-03-16T22:45:38.000+0100},
  title = {A new optimizer using particle swarm theory},
  year = 1995
}


@article{ hassabis-2016,
title = {Mastering the game of Go with deep neural networks and tree search},
author  = {David Silver and Aja Huang and Christopher J. Maddison and Arthur Guez and Laurent Sifre and George van den Driessche and Julian Schrittwieser and Ioannis Antonoglou and Veda Panneershelvam and Marc Lanctot and Sander Dieleman and Dominik Grewe and John Nham and Nal Kalchbrenner and Ilya Sutskever and Timothy Lillicrap and Madeleine Leach and Koray Kavukcuoglu and Thore Graepel and Demis Hassabis},
year  = 2016,
URL = {http://www.nature.com/nature/journal/v529/n7587/full/nature16961.html},
journal = {Nature},
pages = {484--503},
volume  = {529}
}

@book{ mccormick-2013,
  author = {Chris Mccormick},
  citeseeurl = {https://chrisjmccormick.wordpress.com/2013/07/31/k-fold-cross-validation-with-matlab-code/},
  title = {K-Fold Cross-Validation, with MATLAB code},
  year = {2013},
}

@book{ fortmann-2012,
  author = {Scott Fortmann Roe},
  citeseeurl = {http://scott.fortmann-roe.com/docs/BiasVariance.html},
  title = {Understanding the Bias-Variance Tradeoff},
  year = {2012},
}


@INPROCEEDINGS{ yaochu-2004, 
author={Yaochu Jin and Okabe, T. and Sendhoff, B.}, 
booktitle={Evolutionary Computation, 2004. CEC2004. Congress on}, 
title={Neural network regularization and ensembling using multi-objective evolutionary algorithms}, 
year={2004}, 
volume={1}, 
pages={1-8 Vol.1},  
doi={10.1109/CEC.2004.1330830}, 
month={June},}

@BOOK{ bishop-1995,
  title = {Neural Networks for Pattern Recognition},
  publisher = {Oxford University Press},
  year = {1995},
  author = {C. M. Bishop}
}

@Article{ storn-1997,
  author="Storn, Rainer
  and Price, Kenneth",
  title="Differential Evolution -- A Simple and Efficient Heuristic for global Optimization over Continuous Spaces",
  journal="Journal of Global Optimization",
  year={1997},
  volume="11",
  number="4",
  pages="341--359",
  issn="1573-2916",
  doi="10.1023/A:1008202821328",
  url="http://dx.doi.org/10.1023/A:1008202821328"
}

@INPROCEEDINGS{floreano-2008,
    author = {Andrea Soltoggio and Peter Dürr and Claudio Mattiussi and Dario Floreano},
    title = {D.: Evolving Neuromodulatory Topologies for Reinforcement Learning-like Problems},
    booktitle = {In: Proceedings of the IEEE Congress on Evolutionary Computation, CEC},
    year = {2007}
}

@inproceedings{ lecun-convolutional-2010,
  title={Convolutional networks and applications in vision.},
  author={LeCun, Yann and Kavukcuoglu, Koray and Farabet, Cl{\'e}ment and others},
  booktitle={ISCAS},
  pages={253--256},
  year={2010}
}

@book{ lecun-data-driven-2014,
author = {Yann Lecun},  
citeseeurl = {https://www.youtube.com/watch?v=AbjVdBKfkO0},
title = {Youtube Video Conference - Yann Lecun Facebook AI Data Driven 32},
year = {2014},
publisher = {Data Driven NYC}
}

@book{ haykin-1998,
 author = {Haykin, Simon},
 title = {Neural Networks: A Comprehensive Foundation},
 year = {1998},
 isbn = {0132733501},
 edition = {2nd},
 publisher = {Prentice Hall PTR},
 address = {Upper Saddle River, NJ, USA},
} 

@book{ haupt-1998,
 author = {Haupt, Randy L. and Haupt, Sue Ellen},
 title = {Practical Genetic Algorithms},
 year = {1998},
 isbn = {047-1188735},
 publisher = {John Wiley and Sons, Inc.},
 address = {New York, NY, USA},
} 

@article{ yao-1999,
    author = {Yao, Xin},
    journal = {PIEEE: Proceedings of the IEEE},
    month = sep,
    pages = {1423--1447},
    posted-at = {2010-08-11 16:51:58},
    priority = {2},
    title = {{Evolving Artificial Neural Networks}},
    url = {ftp://www.cs.adfa.edu.au/pub/xin/yao\_ie3proc\_online.pdf/knowledge-extracted-from-trained.pdf},
    volume = {87},
    year = {1999},
}

@book{ negnevitsky-2011,
  title={Artificial Intelligence: A Guide to Intelligent Systems},
  author={Negnevitsky, M.},
  isbn={9781408225745},
  lccn={2010041988},
  url={https://books.google.co.uk/books?id=toIFQgAACAAJ},
  year={2011},
  publisher={Addison Wesley/Pearson},
}

@article{ tereza-2006,
  author    = {Teresa Bernarda Ludermir and
               Akio Yamazaki and
               Cleber Zanchettin},
  title     = {An Optimization Methodology for Neural Network Weights and Architectures},
  journal   = {{IEEE} Transactions on Neural Networks},
  volume    = {17},
  number    = {6},
  pages     = {1452--1459},
  year      = {2006},
  url       = {http://doi.ieeecomputersociety.org/10.1109/TNN.2006.881047},
  doi       = {10.1109/TNN.2006.881047},
  timestamp = {Tue, 11 Mar 2008 08:58:28 +0100},
  biburl    = {http://dblp.uni-trier.de/rec/bib/journals/tnn/LudermirYZ06},
  bibsource = {dblp computer science bibliography, http://dblp.org}
}

@article{ waghulde-2014,
  author    = {Nilakshi P. Waghulde and Nilima Patil},
  title     = {Study and Review of Genetic Neural Approaches for Data Mining},
  journal   = {{AIJRSTEM} American International Journal of Research in Science Technology Engineering and Mathematics},
  year      = {2014},
  url       = {http://www.iasir.net},
  publisher = {{IASIR} International Association of Scientific Innovation and Research, USA}
}

@article{ schaffer-1990,
title = "Using genetic search to exploit the emergent behavior of neural networks",
journal = "Physica D: Nonlinear Phenomena",
volume = "42",
number = "1",
pages = "244 - 248",
year = "1990",
note = "",
issn = "0167-2789",
doi = "http://dx.doi.org/10.1016/0167-2789(90)90078-4",
url = "http://www.sciencedirect.com/science/article/pii/0167278990900784",
author = "J.David Schaffer and Richard A. Caruana and Larry J. Eshelman",
}

@ARTICLE{ zhang-2000, 
  author={Zhang, G.P.}, 
  journal={Systems, Man, and Cybernetics, Part C: Applications and Reviews, IEEE Transactions on}, 
  title={Neural networks for classification: a survey}, 
  year={2000}, 
  volume={30}, 
  number={4}, 
  pages={451-462}, 
  doi={10.1109/5326.897072}, 
  ISSN={1094-6977}, 
  month={Nov},
}

@article{ stanley-2002,
 author = {Stanley, Kenneth O. and Miikkulainen, Risto},
 title = {Evolving Neural Networks Through Augmenting Topologies},
 journal = {Evol. Comput.},
 issue_date = {Summer 2002},
 volume = {10},
 number = {2},
 month = jun,
 year = {2002},
 issn = {1063-6560},
 pages = {99--127},
 numpages = {29},
 url = {http://dx.doi.org/10.1162/106365602320169811},
 doi = {10.1162/106365602320169811},
 acmid = {638554},
 publisher = {MIT Press},
 address = {Cambridge, MA, USA}
} 


@Conference{ newell-1959,
  title={ Proceedings of the International Conference on Information Processing},
  booktitle = {Report on a general problem-solving program},
  author={Newell A. Shaw J.C and Simon H.A. },
  year={1959},
}

@INPROCEEDINGS{ huang-2013, 
author={Yan Huang and Wei Wang and Liang Wang and Tieniu Tan}, 
booktitle={Image Processing (ICIP), 2013 20th IEEE International Conference on}, 
title={Multi-task deep neural network for multi-label learning}, 
year={2013}, 
pages={2897-2900}, 
doi={10.1109/ICIP.2013.6738596}, 
month={Sept}
}

@inproceedings{ chilimbi-2014,
author = {Trishul Chilimbi and Yutaka Suzue and Johnson Apacible and Karthik Kalyanaraman},
title = {Project Adam: Building an Efficient and Scalable Deep Learning Training System},
booktitle = {11th USENIX Symposium on Operating Systems Design and Implementation (OSDI 14)},
year = {2014},
month = Oct,
isbn = { 978-1-931971-16-4},
address = {Broomfield, CO},
pages = {571-582},
url = {https://www.usenix.org/conference/osdi14/technical-sessions/presentation/chilimbi},
publisher = {USENIX Association},
}

@unpublished { coursera-machine-learning-stanford,
author = {Andrew Ng},
university = {Stanford University},
title = {Machine Learning - Stanford University},
note = {Coursera online course},
year = 2015,
url = {https://www.coursera.org/learn/machine-learning/home/welcome},
}


@misc{ wikipedia-evolutionary-algorithms,
   author = "Wikipedia",
   title = "Evolutionary algorithm --- Wikipedia{,} The Free Encyclopedia",
   year = "2015",
   url = "https://en.wikipedia.org/w/index.php?title=Evolutionary_algorithm&oldid=685869191",
 }

@misc{ uci-machine-learning-repo-2013 ,
 author = "M. Lichman",
 year = "2013",
 title = "{UCI} Machine Learning Repository",
 url = "http://archive.ics.uci.edu/ml",
 institution = "University of California, Irvine, School of Information and Computer Sciences" 
}

@misc { welch-labs,
author= "Stephen Welch",
url = "https://www.youtube.com/user/Taylorns34/featured",
title = "Welch labs - educational video resources",
year = "2014"
}

@misc {deeplearning4j,
author = {Adam Gibson - Chris Nicholson and Josh Patterson},
title = {DeepLearning4J - Java library Documentation for Deep Belief Networks},
url = {http://deeplearning4j.org/},
year = "2015"
}

@misc { orr-1999,
author = {Genevieve Orr, Nici Schraudolph and Fred Cummins},
title = {Lecture notes - CS-449 Neural Networks - Williamette University},
year = "1999",
url = {https://www.willamette.edu/~gorr/classes/cs449/intro.html}
}
